%% This BibTeX bibliography file was created using BibDesk.
%% http://bibdesk.sourceforge.net/


%% Created for Alexander Bock at 2015-03-19 13:19:02 +0100 


%% Saved with string encoding Unicode (UTF-8) 



@inproceedings{Kruger:2003ge,
	Author = {Kr{\"u}ger, Jens and Westermann, R{\"u}diger},
	Booktitle = {Visualization},
	Date-Added = {2015-03-19 12:18:36 +0000},
	Date-Modified = {2015-03-19 12:18:36 +0000},
	Month = aug,
	Organization = {IEEE},
	Pages = {287--292},
	Publisher = {IEEE},
	Title = {{Acceleration Techniques for GPU-based Volume Rendering}},
	Year = {2003}}

@article{Lindholm:2014fm,
	Author = {Lindholm, S and Falk, M and Sund{\'e}n, E and Bock, A and Ynnerman, A and Ropinski, T},
	Date-Added = {2015-03-18 19:26:39 +0000},
	Date-Modified = {2015-03-18 19:26:39 +0000},
	Journal = {Computer Graphics Forum},
	Month = sep,
	Number = {1},
	Pages = {74--85},
	Title = {{Hybrid Data Visualization Based on Depth Complexity Histogram Analysis}},
	Volume = {34},
	Year = {2014}}

@article{Everitt:2001tg,
	Author = {Everitt, Cass and Rege, A and Cebenoyan, C},
	Date-Added = {2015-03-18 19:23:46 +0000},
	Date-Modified = {2015-03-18 19:23:46 +0000},
	Month = dec,
	Pages = {1--14},
	Title = {{Hardware Shadow Mapping}},
	Year = {2001}}

@article{Lugaz:2010dx,
	Author = {Lugaz, N},
	Date-Added = {2015-03-16 15:43:21 +0000},
	Date-Modified = {2015-03-16 15:43:21 +0000},
	Journal = {Solar Physics},
	Month = nov,
	Number = {2},
	Pages = {411--429},
	Title = {{Accuracy and Limitations of Fitting and Stereoscopic Methods to Determine the Direction of Coronal Mass Ejections from Heliospheric Imagers Observations}},
	Volume = {267},
	Year = {2010}}

@article{Mostl:2014iv,
	Author = {M{\"o}stl, C and Amla, K and Hall, J R and Liewer, P C and De Jong, E M and Colaninno, R C and Veronig, A M and Rollett, T and Temmer, M and Peinhart, V and Davies, J A and Lugaz, N and Liu, Y D and Farrugia, C J and Luhmann, J G and Vr{\v s}nak, B and Harrison, R A and Galvin, A B},
	Date-Added = {2015-03-16 15:36:42 +0000},
	Date-Modified = {2015-03-16 15:36:42 +0000},
	Journal = {The Astrophysical Journal},
	Month = may,
	Number = {2},
	Pages = {119--19},
	Title = {{Connecting Speeds, Directions and Arrival Times of 22 Coronal Mass Ejections from the Sun to 1 AU}},
	Volume = {787},
	Year = {2014}}

@article{Millward:2013cm,
	Author = {Millward, G and Biesecker, D and Pizzo, V and de Koning, C A},
	Date-Added = {2015-03-16 15:32:09 +0000},
	Date-Modified = {2015-03-16 15:32:09 +0000},
	Journal = {Space Weather},
	Month = feb,
	Number = {2},
	Pages = {57--68},
	Title = {{An operational software tool for the analysis of coronagraph images: Determining CME parameters for input into the WSA-Enlil heliospheric model}},
	Volume = {11},
	Year = {2013}}

@article{Thernisien:2011fl,
	Author = {Thernisien, A and Vourlidas, A and Howard, R A},
	Date-Added = {2015-03-16 15:30:56 +0000},
	Date-Modified = {2015-03-16 15:30:56 +0000},
	Journal = {Journal of Atmospheric and Solar-Terrestrial Physics},
	Month = jun,
	Number = {10},
	Pages = {1156--1165},
	Title = {{CME reconstruction: Pre-STEREO and STEREO era }},
	Volume = {73},
	Year = {2011}}

@article{Thernisien:2009hx,
	Author = {Thernisien, A and Vourlidas, A and Howard, R A},
	Date-Added = {2015-03-16 15:29:00 +0000},
	Date-Modified = {2015-03-16 15:29:00 +0000},
	Journal = {Solar Physics},
	Month = apr,
	Number = {1-2},
	Pages = {111--130},
	Title = {{Forward Modeling of Coronal Mass Ejections Using STEREO/SECCHI Data}},
	Volume = {256},
	Year = {2009}}

@article{parsons2011wang,
	Author = {Parsons, Annette and Biesecker, Douglas and Odstrcil, Dusan and Millward, George and Hill, Steve and Pizzo, Vic},
	Date-Added = {2015-03-12 15:45:46 +0000},
	Date-Modified = {2015-03-12 15:45:46 +0000},
	Journal = {Space Weather},
	Number = {3},
	Publisher = {Wiley Online Library},
	Title = {Wang-Sheeley-Arge--Enlil Cone Model Transitions to Operations},
	Volume = {9},
	Year = {2011}}

@article{Brueckner:1995cb,
	Author = {Brueckner, G E and Howard, R A and Koomen, M J and Korendyke, C M and Michels, D J and Moses, J D and Socker, D G and Dere, K P and Lamy, P L and Llebaria, A and Bout, M V and Schwenn, R and Simnett, G M and Bedford, D K and Eyles, C J},
	Date-Added = {2015-03-12 14:49:31 +0000},
	Date-Modified = {2015-03-12 14:49:31 +0000},
	Journal = {Solar Physics},
	Month = dec,
	Number = {1-2},
	Pages = {357--402},
	Title = {{The Large Angle Spectroscopic Coronagraph (LASCO)}},
	Volume = {162},
	Year = {1995}}

@inproceedings{Socker:2000ic,
	Author = {Socker, Dennis G and Howard, Russell A and Korendyke, Clarence M and Simnett, George M and Webb, David F},
	Booktitle = {International Symposium on Optical Science and Technology},
	Date-Added = {2015-03-12 14:48:07 +0000},
	Date-Modified = {2015-03-12 14:48:07 +0000},
	Editor = {Fineschi, Silvano and Korendyke, Clarence M and Siegmund, Oswald H W and Woodgate, Bruce E},
	Month = dec,
	Pages = {284--293},
	Publisher = {SPIE},
	Title = {{NASA Solar Terrestrial Relations Observatory (STEREO) mission heliospheric imager}},
	Year = {2000}}

@article{Colaninno:2006ef,
	Author = {Colaninno, Robin C and Vourlidas, Angelos},
	Date-Added = {2015-03-12 14:17:57 +0000},
	Date-Modified = {2015-03-12 14:17:57 +0000},
	Journal = {The Astrophysical Journal},
	Month = dec,
	Number = {2},
	Pages = {1747--1754},
	Title = {{Analysis of the Velocity Field of CMEs Using Optical Flow Methods}},
	Volume = {652},
	Year = {2006}}

@article{Kahler:1987jt,
	Author = {Kahler, S},
	Date-Added = {2015-03-12 13:06:15 +0000},
	Date-Modified = {2015-03-12 13:06:15 +0000},
	Journal = {Reviews of Geophysics},
	Number = {3},
	Pages = {663--13},
	Title = {{Coronal mass ejections}},
	Volume = {25},
	Year = {1987}}

@misc{noaaprofile,
	Author = {{NOAA}},
	Date-Added = {2015-03-12 13:01:54 +0000},
	Date-Modified = {2015-03-12 13:02:34 +0000},
	Title = {{A Profile of Space Weather}}}

@article{rusin2010comparing,
	Author = {Rusin, V and Druckm{\"u}ller, M and ANTIOL, P and Minarovjech, M and Saniga, M and Mikic, Z and Linker, JA and Lionello, R and Riley, P and Titov, VS},
	Date-Added = {2014-06-12 08:41:43 +0000},
	Date-Modified = {2014-06-12 08:41:43 +0000},
	Journal = {Astronomy and astrophysics},
	Publisher = {EDP Sciences},
	Title = {Comparing eclipse observations of the 2008 August 1 solar corona witch an MHD model prediction},
	Volume = {513},
	Year = {2010}}

@article{russell2013very,
	Author = {Russell, CT and Mewaldt, RA and Luhmann, JG and Mason, GM and von Rosenvinge, TT and Cohen, CMS and Leske, RA and Gomez-Herrero, R and Klassen, A and Galvin, AB and others},
	Date-Added = {2014-06-07 09:25:26 +0000},
	Date-Modified = {2014-06-07 09:25:26 +0000},
	Journal = {The Astrophysical Journal},
	Number = {1},
	Pages = {38},
	Publisher = {IOP Publishing},
	Title = {The very unusual interplanetary coronal mass ejection of 2012 July 23: A blast wave mediated by solar energetic particles},
	Volume = {770},
	Year = {2013}}

@article{baker2013major,
	Author = {Baker, DN and Li, X and Pulkkinen, A and Ngwira, CM and Mays, ML and Galvin, AB and Simunac, KDC},
	Date-Added = {2014-06-07 09:24:40 +0000},
	Date-Modified = {2014-06-07 09:24:40 +0000},
	Journal = {Space Weather},
	Number = {10},
	Pages = {585--591},
	Publisher = {Wiley Online Library},
	Title = {A major solar eruptive event in July 2012: Defining extreme space weather scenarios},
	Volume = {11},
	Year = {2013}}

@article{cloke2009ensemble,
	Author = {Cloke, HL and Pappenberger, Florian},
	Date-Added = {2014-06-06 16:54:55 +0000},
	Date-Modified = {2014-06-06 16:54:55 +0000},
	Journal = {Journal of Hydrology},
	Number = {3},
	Pages = {613--626},
	Publisher = {Elsevier},
	Title = {Ensemble flood forecasting: a review},
	Volume = {375},
	Year = {2009}}

@article{bruckner2010result,
	Author = {Bruckner, Stefan and Moller, Torsten},
	Date-Added = {2014-06-06 16:53:54 +0000},
	Date-Modified = {2014-06-06 16:53:54 +0000},
	Journal = {Visualization and Computer Graphics, IEEE Transactions on},
	Number = {6},
	Pages = {1468--1476},
	Publisher = {IEEE},
	Title = {Result-driven exploration of simulation parameter spaces for visual effects design},
	Volume = {16},
	Year = {2010}}

@article{kopp2014decision,
	Author = {K{\"o}pp, Dipl-Math Cornelius and von Mettenheim, Hans-J{\"o}rg and Breitner, Michael H},
	Date-Added = {2014-06-06 16:50:26 +0000},
	Date-Modified = {2014-06-06 16:50:26 +0000},
	Journal = {Business \& Information Systems Engineering},
	Number = {3},
	Pages = {131--140},
	Publisher = {Springer},
	Title = {Decision Analytics with Heatmap Visualization for Multi-step Ensemble Data},
	Volume = {6},
	Year = {2014}}

@article{whitaker2013contour,
	Author = {Whitaker, Ross T and Mirzargar, Mahsa and Kirby, Robert M},
	Date-Added = {2014-06-06 16:49:18 +0000},
	Date-Modified = {2014-06-06 16:49:18 +0000},
	Journal = {Visualization and Computer Graphics, IEEE Transactions on},
	Number = {12},
	Pages = {2713--2722},
	Publisher = {IEEE},
	Title = {Contour Boxplots: A Method for Characterizing Uncertainty in Feature Sets from Simulation Ensembles},
	Volume = {19},
	Year = {2013}}

@inproceedings{alabi2012comparative,
	Author = {Alabi, Oluwafemi S and Wu, Xunlei and Harter, Jonathan M and Phadke, Madhura and Pinto, Lifford and Petersen, Hannah and Bass, Steffen and Keifer, Michael and Zhong, Sharon and Healey, Chris and others},
	Booktitle = {IS\&T/SPIE Electronic Imaging},
	Date-Added = {2014-06-06 16:47:38 +0000},
	Date-Modified = {2014-06-06 16:47:38 +0000},
	Organization = {International Society for Optics and Photonics},
	Pages = {82940U--82940U},
	Title = {Comparative visualization of ensembles using ensemble surface slicing},
	Year = {2012}}

@article{sanyal2010noodles,
	Author = {Sanyal, Jibonananda and Zhang, Song and Dyer, Jamie and Mercer, Andrew and Amburn, Philip and Moorhead, Robert J},
	Date-Added = {2014-06-06 16:43:44 +0000},
	Date-Modified = {2014-06-06 16:43:44 +0000},
	Journal = {Visualization and Computer Graphics, IEEE Transactions on},
	Number = {6},
	Pages = {1421--1430},
	Publisher = {IEEE},
	Title = {Noodles: A tool for visualization of numerical weather model ensemble uncertainty},
	Volume = {16},
	Year = {2010}}

@inproceedings{potter2009ensemble,
	Author = {Potter, Kristin and Wilson, Andrew and Bremer, P-T and Williams, Dean and Doutriaux, Charles and Pascucci, Valerio and Johnson, Chris R},
	Booktitle = {Data Mining Workshops, 2009. ICDMW'09. IEEE International Conference on},
	Date-Added = {2014-06-06 16:42:24 +0000},
	Date-Modified = {2014-06-06 16:42:24 +0000},
	Organization = {IEEE},
	Pages = {233--240},
	Title = {Ensemble-vis: A framework for the statistical visualization of ensemble data},
	Year = {2009}}

@article{odstrcil2002merging,
	Author = {Odstrcil, D and Linker, JA and Lionello, R and Mikic, Zoran and Riley, P and Pizzo, VJ and Luhmann, JG},
	Date-Added = {2014-06-06 16:31:44 +0000},
	Date-Modified = {2014-06-06 16:31:44 +0000},
	Journal = {Journal of Geophysical Research: Space Physics (1978--2012)},
	Number = {A12},
	Pages = {SSH--14},
	Title = {Merging of coronal and heliospheric numerical two-dimensional MHD models},
	Volume = {107},
	Year = {2002}}

@article{lugaz2008brightness,
	Author = {Lugaz, N and Vourlidas, A and Roussev, II and Jacobs, Carla and Manchester IV, WB and Cohen, O},
	Date-Added = {2014-06-06 16:25:57 +0000},
	Date-Modified = {2014-06-06 16:25:57 +0000},
	Journal = {The Astrophysical Journal Letters},
	Number = {2},
	Pages = {L111},
	Publisher = {IOP Publishing},
	Title = {The brightness of density structures at large solar elongation angles: What is being observed by STEREO SECCHI?},
	Volume = {684},
	Year = {2008}}

@article{lugaz2010accuracy,
	Author = {Lugaz, N},
	Date-Added = {2014-06-06 16:24:49 +0000},
	Date-Modified = {2014-06-06 16:24:49 +0000},
	Journal = {Solar Physics},
	Number = {2},
	Pages = {411--429},
	Publisher = {Springer},
	Title = {Accuracy and limitations of fitting and stereoscopic methods to determine the direction of coronal mass ejections from heliospheric imagers observations},
	Volume = {267},
	Year = {2010}}

@article{manchester2008three,
	Author = {Manchester IV, Ward B and Vourlidas, Angelos and T{\'o}th, G{\'a}bor and Lugaz, No{\'e} and Roussev, Ilia I and Sokolov, Igor V and Gombosi, Tamas I and De Zeeuw, Darren L and Opher, Merav},
	Date-Added = {2014-06-06 16:23:08 +0000},
	Date-Modified = {2014-06-06 16:23:08 +0000},
	Journal = {The Astrophysical Journal},
	Number = {2},
	Pages = {1448},
	Publisher = {IOP Publishing},
	Title = {Three-dimensional MHD simulation of the 2003 October 28 coronal mass ejection: comparison with LASCO coronagraph observations},
	Volume = {684},
	Year = {2008}}

@article{jackson2006preliminary,
	Author = {Jackson, BV and Buffington, A and Hick, PP and Wang, X and Webb, D},
	Date-Added = {2014-06-06 16:21:10 +0000},
	Date-Modified = {2014-06-06 16:21:10 +0000},
	Journal = {Journal of Geophysical Research: Space Physics (1978--2012)},
	Number = {A4},
	Publisher = {Wiley Online Library},
	Title = {Preliminary three-dimensional analysis of the heliospheric response to the 28 October 2003 CME using SMEI white-light observations},
	Volume = {111},
	Year = {2006}}

@inproceedings{wang2004visualization,
	Author = {Wang, Xin and Hick, P Paul and Jackson, Bernard V and Bailey, Mike},
	Booktitle = {Optical Science and Technology, SPIE's 48th Annual Meeting},
	Date-Added = {2014-06-06 16:19:08 +0000},
	Date-Modified = {2014-06-06 16:19:08 +0000},
	Organization = {International Society for Optics and Photonics},
	Pages = {280--286},
	Title = {Visualization of remotely sensed heliospheric plasmas for space weather applications},
	Year = {2004}}

@article{minnaert1930continuous,
	Author = {Minnaert, M},
	Date-Added = {2014-06-06 15:49:54 +0000},
	Date-Modified = {2014-06-06 15:50:01 +0000},
	Journal = {Zeitschrift fur Astrophysik},
	Pages = {209},
	Title = {On the continuous spectrum of the corona and its polarisation. With 3 figures.},
	Volume = {1},
	Year = {1930}}

@article{vourlidas2006proper,
	Author = {Vourlidas, Angelos and Howard, Russell A},
	Date-Added = {2014-06-06 15:48:25 +0000},
	Date-Modified = {2014-06-06 15:48:25 +0000},
	Journal = {The Astrophysical Journal},
	Number = {2},
	Pages = {1216},
	Publisher = {IOP Publishing},
	Title = {The proper treatment of coronal mass ejection brightness: A new methodology and implications for observations},
	Volume = {642},
	Year = {2006}}

@article{howard2013thomson,
	Author = {Howard, TA and Tappin, SJ and Odstrcil, D and DeForest, CE},
	Date-Added = {2014-06-06 11:55:42 +0000},
	Date-Modified = {2014-06-06 11:55:42 +0000},
	Journal = {The Astrophysical Journal},
	Number = {1},
	Pages = {45},
	Publisher = {IOP Publishing},
	Title = {The Thomson Surface. III. Tracking Features in 3D},
	Volume = {765},
	Year = {2013}}

@article{howard2012thomson,
	Author = {Howard, TA and DeForest, CE},
	Date-Added = {2014-06-06 11:54:56 +0000},
	Date-Modified = {2014-06-06 11:54:56 +0000},
	Journal = {The Astrophysical Journal},
	Number = {2},
	Pages = {130},
	Publisher = {IOP Publishing},
	Title = {The Thomson surface. I. Reality and myth},
	Volume = {752},
	Year = {2012}}

@article{deforest2013thomson,
	Author = {DeForest, CE and Howard, TA and Tappin, SJ},
	Date-Added = {2014-06-06 11:53:50 +0000},
	Date-Modified = {2014-06-06 11:53:50 +0000},
	Journal = {The Astrophysical Journal},
	Number = {1},
	Pages = {44},
	Publisher = {IOP Publishing},
	Title = {The Thomson Surface. II. Polarization},
	Volume = {765},
	Year = {2013}}

@article{byron2008stacked,
	Author = {Byron, Lee and Wattenberg, Martin},
	Date-Added = {2014-05-27 08:51:05 +0000},
	Date-Modified = {2014-05-27 08:51:05 +0000},
	Journal = {IEEE Trans. Vis. Comput. Graph.},
	Number = {6},
	Pages = {1245--1252},
	Title = {Stacked Graphs-Geometry \& Aesthetics.},
	Volume = {14},
	Year = {2008}}

@article{havre2002themeriver,
	Author = {Havre, Susan and Hetzler, Elizabeth and Whitney, Paul and Nowell, Lucy},
	Date-Added = {2014-05-27 08:50:15 +0000},
	Date-Modified = {2014-05-27 08:50:15 +0000},
	Journal = {Visualization and Computer Graphics, IEEE Transactions on},
	Number = {1},
	Pages = {9--20},
	Publisher = {IEEE},
	Title = {Themeriver: Visualizing thematic changes in large document collections},
	Volume = {8},
	Year = {2002}}

@inproceedings{sun2010secrets,
	Author = {Sun, Deqing and Roth, Stefan and Black, Michael J},
	Booktitle = {{IEEE Conference on Computer Vision and Pattern Recognition (CVPR)}},
	Date-Added = {2014-05-13 09:24:26 +0000},
	Date-Modified = {2014-05-13 09:24:48 +0000},
	Pages = {2432--2439},
	Title = {Secrets of optical flow estimation and their principles},
	Year = {2010}}

@article{howard2008sun,
	Author = {Howard, RA and Moses, JD and Vourlidas, A and Newmark, JS and Socker, DG and Plunkett, SP and Korendyke, CM and Cook, JW and Hurley, A and Davila, JM and others},
	Date-Added = {2014-05-12 08:50:21 +0000},
	Date-Modified = {2014-05-12 08:50:27 +0000},
	Journal = {Space Science Reviews},
	Number = {1-4},
	Pages = {67--115},
	Title = {{Sun Earth connection coronal and heliospheric investigation (SECCHI)}},
	Volume = {136},
	Year = {2008}}

@article{sheeley1999continuous,
	Author = {Sheeley, NR and Walters, JH and Wang, Y-M and Howard, RA},
	Date-Added = {2014-05-12 08:48:39 +0000},
	Date-Modified = {2014-05-12 08:48:55 +0000},
	Journal = {Journal of Geophysical Research: Space Physics},
	Number = {A11},
	Pages = {24739--24767},
	Title = {Continuous tracking of coronal outflows: Two kinds of coronal mass ejections},
	Volume = {104},
	Year = {1999}}

@article{gissot20083d,
	Author = {Gissot, SF and Hochedez, J-F and Chainais, Pierre and Antoine, J-P},
	Date-Added = {2014-05-12 08:47:37 +0000},
	Date-Modified = {2014-05-12 08:47:46 +0000},
	Journal = {Solar Physics},
	Number = {2},
	Pages = {397--408},
	Title = {{3D reconstruction from SECCHI-EUVI images using an optical-flow algorithm: method description and observation of an erupting filament}},
	Volume = {252},
	Year = {2008}}

@article{schwenn2006coronal,
	Author = {Schwenn, R and Raymond, JC and Alexander, D and Ciaravella, A and Gopalswamy, N and Howard, R and Hudson, H and Kaufmann, P and Klassen, A and Maia, D and others},
	Date-Added = {2014-05-12 08:45:08 +0000},
	Date-Modified = {2014-05-12 08:45:25 +0000},
	Journal = {Space Science Reviews},
	Number = {1-3},
	Pages = {127--176},
	Title = {{Coronal observations of CMEs}},
	Volume = {123},
	Year = {2006}}

@article{brown2009calibrating,
	Author = {Brown, DS and Bewsher, D and Eyles, CJ},
	Date-Added = {2014-05-12 08:44:18 +0000},
	Date-Modified = {2014-05-12 08:44:32 +0000},
	Journal = {Solar Physics},
	Number = {1},
	Pages = {185--225},
	Title = {{Calibrating the pointing and optical parameters of the STEREO heliospheric imagers}},
	Volume = {254},
	Year = {2009}}

@article{wells1981fits,
	Author = {Wells, DC and Greisen, EW and Harten, RH},
	Date-Added = {2014-05-12 08:42:11 +0000},
	Date-Modified = {2014-05-12 08:43:56 +0000},
	Journal = {Astronomy \& Astrophysics Supplement Series},
	Pages = {363--370},
	Title = {{FITS: A Flexible Image Transport System}},
	Volume = {44},
	Year = {1981}}

@article{ontiveros2009quantitative,
	Author = {Ontiveros, Veronica and Vourlidas, Angelos},
	Date-Added = {2014-05-12 08:41:23 +0000},
	Date-Modified = {2014-05-12 08:43:28 +0000},
	Journal = {The Astrophysical Journal},
	Number = {1},
	Pages = {267-275},
	Title = {{Quantitative measurements of coronal mass ejection-driven shocks from LASCO observations}},
	Volume = {693},
	Year = {2009}}

@article{zhang2004study,
	Author = {Zhang, J and Dere, KP and Howard, RA and Vourlidas, A},
	Date-Added = {2014-05-12 08:40:55 +0000},
	Date-Modified = {2014-05-12 08:43:11 +0000},
	Journal = {The Astrophysical Journal},
	Number = {1},
	Pages = {420--432},
	Title = {A study of the kinematic evolution of coronal mass ejections},
	Volume = {604},
	Year = {2004}}

@article{akmal2001soho,
	Author = {Akmal, Arya and Raymond, John C and Vourlidas, Angelos and Thompson, Barbara and Ciaravella, A and Ko, Y-K and Uzzo, M and Wu, R},
	Date-Added = {2014-05-12 08:39:58 +0000},
	Date-Modified = {2014-05-12 08:42:49 +0000},
	Journal = {The Astrophysical Journal},
	Number = {2},
	Pages = {922--934},
	Title = {{SOHO observations of a coronal mass ejection}},
	Volume = {553},
	Year = {2001}}
